@book{bron,
  title={{Algorithm 457: finding all cliques of an undirected graph.}},
  author={Bron, C. and Kerbosch, J.},
  yeah={1973}
}

@book{szwarccfiter,
  title={{Grafos e Algoritmos Computacionais}},
  author={Szwarccfiter, J. L.},
  year={1984},
}

@book{schildt,
  title={{C - completo e total}},
  author={Schildt, H.},
  year={1990},
}


@misc{wikibk,
  author = {Wikipedia},
  title = {Bron-Kerbosch},
  howpublished = {\url{http://en.wikipedia.org/wiki/Bron%E2%80%93Kerbosch_algorithm}}
}

@misc{wikiback,
  author = {Wikipedia},
  title = {Backtracking},
  howpublished = {\url{http://en.wikipedia.org/wiki/Backtracking}}
}

@misc{wikiclique,
  author = {Wikipedia},
  title = {Problema do Clique},
  howpublished = {\url{http://pt.wikipedia.org/wiki/Problema_do_clique}}
}
